% -----------------------------------------------------------------------
% File: CogSci_Template.bib
% -----------------------------------------------------------------------

% Modified : Eli M. Silk (esilk at pitt.edu)            05/24/2005
% Modified : David Noelle (dnoelle at ucmerced.edu)     11/19/2014

@article{nosofsky88,
  title={Similarity, frequency, and category representations.},
  author={Nosofsky, Robert M},
  journal={Journal of Experimental Psychology: learning, memory, and cognition},
  volume={14},
  number={1},
  pages={54},
  year={1988},
}


@incollection{parducci83,
  title={Category ratings and the relational character of judgment},
  author={Parducci, Allen},
  booktitle={Advances in psychology},
  volume={11},
  pages={262--282},
  year={1983},
  publisher={Elsevier}
}

@article{barsalouhl98,
  author = 	 {L. W. Barsalou and J. Huttenlocher and K. Lamberts},
  title = 	 {Basing categorization on individuals and events},
  journal = 	 {Cognitive Psychology},
  volume = 	 {36},
  pages = 	 {203--272},
  year = 	 {1998},
}

@article{pigot2020macroevolutionary,
  title={Macroevolutionary convergence connects morphological form to ecological function in birds},
  author={Pigot, Alex L and Sheard, Catherine and Miller, Eliot T and Bregman, Tom P and Freeman, Benjamin G and Roll, Uri and Seddon, Nathalie and Trisos, Christopher H and Weeks, Brian C and Tobias, Joseph A},
  journal={Nature Ecology \& Evolution},
  volume={4},
  pages={230--239},
  year={2020},
  publisher={Nature Publishing Group}
}

@book{zipf1936psycho,
  title={The psycho-biology of language: An introduction to dynamic philology},
  author={Zipf, George Kingsley},
  year={1936},
  publisher={Routledge}
}

@article{zipf1949human,
  title={Human behavior and the principle of least effort.},
  author={Zipf, George Kingsley},
  year={1949},
  publisher={Addison-Wesley Press}
}


@article{hunn1999size,
  title={Size as limiting the recognition of biodiversity in folkbiological classifications: One of four factors governing the cultural recognition of biological taxa},
  author={Hunn, Eugene S},
  journal={Folkbiology},
  volume={47},
  pages={47--69},
  year={1999},
  publisher={MIT Press Cambridge, MA}
}

@book{berlin2014ethnobiological,
  title={Ethnobiological classification: Principles of categorization of plants and animals in traditional societies},
  author={Berlin, Brent},
  year={1992},
  publisher={Princeton University Press}
}

@article{sullivan2009ebird,
  title={eBird: A citizen-based bird observation network in the biological sciences},
  author={Sullivan, Brian L and Wood, Christopher L and Iliff, Marshall J and Bonney, Rick E and Fink, Daniel and Kelling, Steve},
  journal={Biological Conservation},
  volume={142},
  number={10},
  pages={2282--2292},
  year={2009},
  publisher={Elsevier}
}

@article{wilman2014eltontraits,
  title={EltonTraits 1.0: Species-level foraging attributes of the world's birds and mammals: Ecological Archives E095-178},
  author={Wilman, Hamish and Belmaker, Jonathan and Simpson, Jennifer and de la Rosa, Carolina and Rivadeneira, Marcelo M and Jetz, Walter},
  journal={Ecology},
  volume={95},
  number={7},
  pages={2027--2027},
  year={2014},
  publisher={Wiley Online Library}
}

@article{amadon1943bird,
  title={Bird weights as an aid in taxonomy},
  author={Amadon, Dean},
  journal={Wilson Bull},
  volume={55},
  number={3},
  pages={164--177},
  year={1943}
}

@article{peterson2006taxonomy,
  title={Taxonomy is important in conservation: a preliminary reassessment of Philippine species-level bird taxonomy},
  author={Peterson, A Townsend},
  journal={Bird Conservation International},
  volume={16},
  number={2},
  pages={155--173},
  year={2006},
  publisher={Cambridge University Press}
}


@article{garnett2017taxonomy,
  title={Taxonomy anarchy hampers conservation},
  author={Garnett, Stephen T and Christidis, Les},
  journal={Nature News},
  volume={546},
  number={7656},
  pages={25--27},
  year={2017}
}


@book{dunning2007crc,
  title={{CRC} handbook of avian body masses},
  author={Dunning Jr, John B},
  year={2007},
  publisher={CRC press}
}

@book{clements2007clements,
  title={Clements checklist of birds of the world},
  author={Clements, James F},
  year={2007},
  publisher={Comstock Pub. Associates/Cornell University Press}
}

@book{hunn2008zapotec,
  title={A {Z}apotec Natural History: {T}rees, Herbs, and Flowers, Birds, Beasts, and Bugs in the Life of {S}an {J}uan {G}b\"{e}\"{e}},
  author={Hunn, Eugene S},
  year={2008},
  publisher={University of Arizona Press}
}

@book{hunn1977tzeltal,
  title={Tzeltal folk zoology: The classification of discontinuities in nature},
  author={Hunn, Eugene S},
  year={1977},
  publisher={New York: Academic Press}

}


@incollection{hunn2012tlingit,
  title={Tlingit birds: {A}n annotated list with a statistical comparative analysis},
  author={Hunn, Eugene S and Thornton, Thomas F},
  booktitle={Ethno-ornithology},
  pages={211--240},
  year={2012},
  publisher={Routledge}
}

@article{berlin1972speculations,
  title={Speculations on the growth of ethnobotanical nomenclature},
  author={Berlin, Brent},
  journal={Language in society},
  volume={1},
  number={1},
  pages={51--86},
  year={1972},
  publisher={Cambridge University Press}
}


@article{berlin1973general,
  title={General principles of classification and nomenclature in folk biology},
  author={Berlin, Brent and Breedlove, Dennis E and Raven, Peter H},
  journal={American anthropologist},
  volume={75},
  number={1},
  pages={214--242},
  year={1973},
  publisher={Wiley Online Library}
}


@article{hunn1982utilitarian,
  title={The utilitarian factor in folk biological classification},
  author={Hunn, Eugene S},
  journal={American Anthropologist},
  volume={84},
  number={4},
  pages={830--847},
  year={1982},
  publisher={Wiley Online Library}
}

@article{lopez1997tree,
  title={The tree of life: Universal and cultural features of folkbiological taxonomies and inductions},
  author={Lopez, Alejandro and Atran, Scott and Coley, John D and Medin, Douglas L and Smith, Edward E},
  journal={Cognitive {P}sychology},
  volume={32},
  number={3},
  pages={251--295},
  year={1997},
  publisher={Academic Press}
}

@article{holman2002relation,
  title={The relation between folk and scientific classification of plants and animals},
  author={Holman, Eric W},
  journal={Journal of Classification},
  volume={19},
  number={1},
  pages={131--159},
  year={2002},
  publisher={Springer-Verlag New York}
}


@article{taylor1990folk,
  title={Folk Biology of the Tobelo People: A Study in Folk Classification},
  author={Taylor, Paul Michael},
  journal={Smithsonian Contributions to Anthropology},
  year={1990}
}

@book{waddy1988classification,
  title={Classification of plants and animals from a Groote Eylandt Aboriginal point of view},
  author={Waddy, Julie Anne and others},
  year={1988},
  publisher={The Australian National University}
}


@article{kemp2012kinship,
  title={Kinship categories across languages reflect general communicative principles},
  author={Kemp, Charles and Regier, Terry},
  journal={Science},
  volume={336},
  number={6084},
  pages={1049--1054},
  year={2012},
  publisher={American Association for the Advancement of Science}
}


@article{regier2016languages,
  title={Languages support efficient communication about the environment: Words for snow revisited},
  author={Regier, Terry and Carstensen, Alexandra and Kemp, Charles},
  journal={PloS one},
  volume={11},
  number={4},
  year={2016},
  publisher={Public Library of Science}
}




% -----------------------------------------------------------------------
% Document End
% -----------------------------------------------------------------------
